<record><leader>00000cas a22000007a 4500</leader><controlfield tag="001">23751916</controlfield><controlfield tag="008">910516d18851889nhudn ne      0    0eng d</controlfield><datafield ind1=" " ind2=" " tag="010"><subfield code="a">sn 91063053 </subfield></datafield><datafield ind1=" " ind2=" " tag="040"><subfield code="a">NVH</subfield><subfield code="b">eng</subfield><subfield code="c">NVH</subfield><subfield code="d">OCLCQ</subfield></datafield><datafield ind1=" " ind2=" " tag="042"><subfield code="a">msc</subfield></datafield><datafield ind1="0" ind2=" " tag="130"><subfield code="a">Daily people and patriot (Concord, N.H. : 1885)</subfield></datafield><datafield ind1="1" ind2="0" tag="245"><subfield code="a">Daily people and patriot.</subfield></datafield><datafield ind1=" " ind2=" " tag="260"><subfield code="a">Concord, N.H. :</subfield><subfield code="b">N.H. Democratic Press</subfield></datafield><datafield ind1=" " ind2=" " tag="300"><subfield code="a">v.</subfield></datafield><datafield ind1=" " ind2=" " tag="310"><subfield code="a">Daily (Except Sun. &amp; holidays)</subfield></datafield><datafield ind1="0" ind2=" " tag="362"><subfield code="a">Vol. 1, no. 1 (Apr. 27, 1885)-v. 5, no. 30 (May 31, 1889).</subfield></datafield><datafield ind1=" " ind2=" " tag="580"><subfield code="a">Weekly ed.: People and patriot (Concord, N.H. : 1883 : Weekly).</subfield></datafield><datafield ind1=" " ind2=" " tag="752"><subfield code="a">United States</subfield><subfield code="b">New Hampshire</subfield><subfield code="c">Merrimack</subfield><subfield code="d">Concord.</subfield></datafield><datafield ind1="1" ind2=" " tag="775"><subfield code="t">People and patriot (Concord, N.H. : 1883 : Weekly)</subfield><subfield code="w">(DLC)sn 84020381</subfield></datafield><datafield ind1="0" ind2="0" tag="780"><subfield code="t">People and patriot (Concord, N.H. : 1879 : Daily)</subfield><subfield code="w">(DLC)sn 84020467</subfield></datafield><datafield ind1="0" ind2="0" tag="785"><subfield code="t">People and patriot (Concord, N.H. : 1889 : Daily)</subfield><subfield code="w">(DLC)sn 91063054</subfield></datafield></record>